
@article{strohmeier_crowdsourced_2021,
  title = {Crowdsourced Air Traffic Data from {{OpenSky Network}} 2019-2020},
  author = {Strohmeier, Martin and Olive, Xavier and L{\"u}bbe, Jannis and Sch{\"a}fer, Matthias and Lenders, Vincent},
  year = {2021},
  volume = {13},
  pages = {357--366},
  doi = {10.5194/essd-13-357-2021},
  journal = {Earth Systems Science Data}
}


